<record><leader>00000cas a22000007a 4500</leader><controlfield tag="001">14445037</controlfield><controlfield tag="008">861021d18741879paudn ne      0    0eng d</controlfield><datafield ind1=" " ind2=" " tag="010"><subfield code="a">sn 86053815 </subfield></datafield><datafield ind1=" " ind2=" " tag="040"><subfield code="a">NPX</subfield><subfield code="b">eng</subfield><subfield code="c">NPX</subfield><subfield code="d">NPH</subfield><subfield code="d">OCLCQ</subfield></datafield><datafield ind1=" " ind2=" " tag="042"><subfield code="a">msc</subfield></datafield><datafield ind1="0" ind2="0" tag="245"><subfield code="a">Parker City daily.</subfield></datafield><datafield ind1=" " ind2=" " tag="260"><subfield code="a">Parker City, Armstrong County, Pa. :</subfield><subfield code="b">G.A. Needle</subfield></datafield><datafield ind1=" " ind2=" " tag="300"><subfield code="a">v. ;</subfield><subfield code="c">58 cm.</subfield></datafield><datafield ind1=" " ind2=" " tag="310"><subfield code="a">Daily (except Sun.)</subfield></datafield><datafield ind1="1" ind2=" " tag="362"><subfield code="a">Began in Sept. 1874; ceased in 1879.</subfield><subfield code="z">Cf. Smith, R.W. Hist. of Armstrong Co., Pa., 1883.</subfield></datafield><datafield ind1=" " ind2=" " tag="588"><subfield code="a">Description based on: Vol. 1, no. 36 (Feb. 25, 1875).</subfield></datafield><datafield ind1=" " ind2=" " tag="752"><subfield code="a">United States</subfield><subfield code="b">Pennsylvania</subfield><subfield code="c">Armstrong</subfield><subfield code="d">Parker.</subfield></datafield><datafield ind1="0" ind2=" " tag="775"><subfield code="t">Parker City weekly</subfield></datafield></record>